<record xmlns='http://www.loc.gov/MARC21/slim'><leader>01642cem a2200349Ma 4500</leader><controlfield tag='001'>a9275720</controlfield><controlfield tag='003'>SIRSI</controlfield><controlfield tag='005'>20170211050002.0</controlfield><controlfield tag='007'>aj canzn</controlfield><controlfield tag='008'>051007s1720    gw d      a     0   lat d</controlfield><datafield ind1='1' ind2='0' tag='034'><subfield code='a'>a</subfield><subfield code='b'>2300000</subfield></datafield><datafield ind1=' ' ind2=' ' tag='040'><subfield code='a'>INU</subfield><subfield code='c'>INU</subfield><subfield code='d'>OCLCG</subfield></datafield><datafield ind1='1' ind2=' ' tag='041'><subfield code='a'>lat</subfield><subfield code='h'>ger</subfield></datafield><datafield ind1=' ' ind2=' ' tag='043'><subfield code='a'>f-ua---</subfield></datafield><datafield ind1=' ' ind2=' ' tag='052'><subfield code='a'>8300</subfield></datafield><datafield ind1='1' ind2=' ' tag='100'><subfield code='a'>Homann, Johann Baptist,</subfield><subfield code='d'>1663-1724.</subfield><subfield code=' '>^A20421</subfield></datafield><datafield ind1='1' ind2='0' tag='245'><subfield code='a'>Ægyptus Hodierna :</subfield><subfield code='b'>ex itinerario celeberrimi viri, Pauli Lucæ Franci desumpta, ac novissime /</subfield><subfield code='c'>repræsentata à Johanne Baptista Homann = das heutige Ægypten : aus der Reyssbeischreiburg des berühmten H.n Paul Lucas / gezogē, und mit folgenden Denkwurdigkeiten herausgegeben von Iohann Bapt. Homann.</subfield></datafield><datafield ind1='3' ind2='1' tag='246'><subfield code='a'>Heutige Ægypten</subfield></datafield><datafield ind1=' ' ind2=' ' tag='255'><subfield code='a'>Scale 1:2,300,000.</subfield></datafield><datafield ind1=' ' ind2=' ' tag='260'><subfield code='a'>Norimbergæ :</subfield><subfield code='b'>[J.B. Homann,</subfield><subfield code='c'>ca. 1720]</subfield></datafield><datafield ind1=' ' ind2=' ' tag='300'><subfield code='a'>1 map :</subfield><subfield code='b'>hand col. ;</subfield><subfield code='c'>47 x 56 cm.</subfield></datafield><datafield ind1=' ' ind2=' ' tag='500'><subfield code='a'>Relief shown by hachures.</subfield></datafield><datafield ind1=' ' ind2=' ' tag='500'><subfield code='a'>&quot;Joannes Christophorus I.B. Homanni filius delineavit.  Cum privilegio sac. cæs. majestatis.&quot;</subfield></datafield><datafield ind1=' ' ind2=' ' tag='500'><subfield code='a'>Includes illustrations of Cataracts of the Nile, the Pyramids, tombs, various antiquities, scenes of embalming, and ancient furnaces.</subfield></datafield><datafield ind1=' ' ind2='0' tag='651'><subfield code='a'>Egypt</subfield><subfield code='v'>Maps</subfield><subfield code='v'>Early works to 1800.</subfield><subfield code=' '>^A2109191</subfield></datafield><datafield ind1=' ' ind2=' ' tag='916'><subfield code='a'>DATE CATALOGED</subfield><subfield code='b'>20110825</subfield></datafield><datafield ind1=' ' ind2=' ' tag='994'><subfield code='a'>Z0</subfield><subfield code='b'>STF</subfield></datafield><datafield ind1=' ' ind2=' ' tag='596'><subfield code='a'>13</subfield></datafield><datafield ind1=' ' ind2=' ' tag='035'><subfield code='a'>(OCoLC-M)70774518</subfield></datafield><datafield ind1=' ' ind2=' ' tag='035'><subfield code='a'>(OCoLC-I)748535543</subfield></datafield><datafield ind1='4' ind2='1' tag='856'><subfield code='u'>http://purl.stanford.edu/yq912gj5898</subfield><subfield code='x'>SDR-PURL</subfield><subfield code='x'>item</subfield><subfield code='x'>barcode:36105216280219</subfield><subfield code='x'>file:yq912gj5898%2Fyq912gj5898_00_0001.jp2</subfield></datafield><datafield ind1=' ' ind2=' ' tag='999'><subfield code='a'>G8302 1720 .D6</subfield><subfield code='w'>AUTO</subfield><subfield code='c'>1</subfield><subfield code='i'>36105216280219</subfield><subfield code='d'>12/16/2015</subfield><subfield code='e'>8/18/2015</subfield><subfield code='l'>W7-MAP-BXL</subfield><subfield code='m'>RUMSEYMAP</subfield><subfield code='q'>1</subfield><subfield code='r'>Y</subfield><subfield code='s'>Y</subfield><subfield code='t'>LIBUSEONLY</subfield><subfield code='u'>8/29/2011</subfield></datafield></record>